% references.bib - Complete bibliography with all essential historical references

% ===== ESSENTIAL HISTORICAL REFERENCES (Tier 1) =====

@article{liebovitch1989,
  title={A fast algorithm to determine fractal dimensions by box counting},
  author={Liebovitch, Larry S and T{\'o}th, Tibor},
  journal={Physics Letters A},
  volume={141},
  number={8-9},
  pages={386--390},
  year={1989},
  publisher={Elsevier}
}

@article{theiler1990,
  title={Estimating fractal dimension},
  author={Theiler, James},
  journal={Journal of the Optical Society of America A},
  volume={7},
  number={6},
  pages={1055--1073},
  year={1990},
  publisher={Optical Society of America}
}

@article{sarkar1994,
  title={An efficient differential box-counting approach to compute fractal dimension of image},
  author={Sarkar, Nirupam and Chaudhuri, B. B.},
  journal={IEEE Transactions on Systems, Man, and Cybernetics},
  volume={24},
  number={1},
  pages={115--120},
  year={1994},
  publisher={IEEE},
  doi={10.1109/21.259692}
}

@article{buczkowski1998,
  title={The modified box-counting method: analysis of some characteristic parameters},
  author={Buczkowski, St{\'e}phane and Kyriacos, Soula and Nekka, Fahima and Cartilier, Louis},
  journal={Pattern Recognition},
  volume={31},
  number={4},
  pages={411--418},
  year={1998},
  publisher={Elsevier},
  doi={10.1016/S0031-3203(97)00054-X}
}

@article{foroutan1999,
  title={Advances in the implementation of the box-counting method of fractal dimension estimation},
  author={Foroutan-pour, Kamran and Dutilleul, Pierre and Smith, Dale L},
  journal={Applied Mathematics and Computation},
  volume={105},
  number={2-3},
  pages={195--210},
  year={1999},
  publisher={Elsevier}
}

@article{roy2007,
  title={Fractal characterization of fracture networks: An improved box-counting technique},
  author={Roy, Ankur and Perfect, Edmund and Dunne, William M and McKay, Larry D},
  journal={Journal of Geophysical Research: Solid Earth},
  volume={112},
  number={B12},
  year={2007},
  publisher={Wiley Online Library}
}

@article{bouda2016,
  title={Box-counting dimension revisited: presenting an efficient method of minimizing quantization error and an assessment of the self-similarity of structural root systems},
  author={Bouda, Martin and Caplan, Joshua S and Saiers, James E},
  journal={Frontiers in Plant Science},
  volume={7},
  pages={149},
  year={2016},
  publisher={Frontiers Media SA},
  doi={10.3389/fpls.2016.00149}
}

@article{wu2020,
  title={An effective method to compute the box-counting dimension based on the mathematical definition and intervals},
  author={Wu, Jiaxin and Jin, Xin and Mi, Shuo and Tang, Jinbo},
  journal={Results in Engineering},
  volume={6},
  pages={100106},
  year={2020},
  publisher={Elsevier},
  doi={10.1016/j.rineng.2020.100106}
}

% ===== FOUNDATIONAL FRACTAL REFERENCES =====

@book{mandelbrot1982,
  title={The fractal geometry of nature},
  author={Mandelbrot, Benoit B},
  year={1982},
  publisher={WH Freeman New York}
}

@book{falconer2004,
  title={Fractal geometry: mathematical foundations and applications},
  author={Falconer, Kenneth},
  year={2004},
  publisher={John Wiley \& Sons}
}

% ===== SUPPORTING REFERENCES =====

@article{gonzato1998,
  title={A practical implementation of the box counting algorithm},
  author={Gonzato, G and Mulargia, F and Tosatti, E},
  journal={Computers \& Geosciences},
  volume={24},
  number={1},
  pages={95--100},
  year={1998},
  publisher={Elsevier}
}

% ===== CFD/FLUID DYNAMICS REFERENCES =====

@article{syromyatnikov1993,
  title={Fractal dimensionality in {R}ayleigh-{T}aylor instability},
  author={Syromyatnikov, S. N.},
  journal={Fluid Dynamics},
  volume={28},
  number={5},
  pages={630--632},
  year={1993},
  publisher={Springer}
}

@article{sharp1984,
  title={An overview of {R}ayleigh-{T}aylor instability},
  author={Sharp, David H},
  journal={Physica D: Nonlinear Phenomena},
  volume={12},
  number={1-3},
  pages={3--18},
  year={1984},
  publisher={Elsevier}
}

@article{youngs1991,
  title={Numerical simulation of turbulent mixing by {R}ayleigh-{T}aylor instability},
  author={Youngs, David L},
  journal={Physica D: Nonlinear Phenomena},
  volume={37},
  number={1-3},
  pages={270--287},
  year={1991},
  publisher={Elsevier}
}

@article{dalziel1993,
  title={Rayleigh-{T}aylor instability: experiments with image analysis},
  author={Dalziel, Stuart B},
  journal={Dynamics of Atmospheres and Oceans},
  volume={20},
  number={1-2},
  pages={127--153},
  year={1993},
  publisher={Elsevier}
}

@article{dalziel1999,
  title={Self-similarity and internal structure of turbulence induced by {Rayleigh--Taylor} instability},
  author={Dalziel, S. B. and Linden, P. F. and Youngs, D. L.},
  journal={Journal of Fluid Mechanics},
  volume={399},
  pages={1--48},
  year={1999},
  publisher={Cambridge University Press},
  doi={10.1017/S002211209900614X}
}

% ===== ADD YOUR EXISTING REFERENCES BELOW =====

@article{roy2007,
  title={Fractal characterization of fracture networks: An improved box-counting technique},
  author={Roy, Ankur and Perfect, Edmund and Dunne, William M and McKay, Larry D},
  journal={Journal of Geophysical Research: Solid Earth},
  volume={112},
  number={B12},
  year={2007},
  publisher={American Geophysical Union}
}

@article{youngs1991,
  title={Three-dimensional numerical simulation of turbulent mixing by Rayleigh-Taylor instability},
  author={Youngs, David L},
  journal={Physics of Fluids A: Fluid Dynamics},
  volume={3},
  number={5},
  pages={1312--1320},
  year={1991},
  publisher={American Institute of Physics}
}

@article{theiler1990,
  title={Estimating fractal dimension},
  author={Theiler, James},
  journal={Journal of the Optical Society of America A},
  volume={7},
  number={6},
  pages={1055--1073},
  year={1990},
  publisher={Optical Society of America}
}

@book{snedecor1989,
  title={Statistical Methods},
  author={Snedecor, George W and Cochran, William G},
  year={1989},
  publisher={Iowa State University Press},
  address={Ames},
  edition={8th}
}

@article{rayleigh1882,
  title={Investigation of the character of the equilibrium of an incompressible heavy fluid of variable density},
  author={Rayleigh, Lord},
  journal={Proceedings of the London Mathematical Society},
  volume={14},
  number={1},
  pages={170--177},
  year={1882},
  publisher={London Mathematical Society}
}

@article{taylor1950,
  title={The instability of liquid surfaces when accelerated in a direction perpendicular to their planes. I},
  author={Taylor, Geoffrey Ingram},
  journal={Proceedings of the Royal Society of London A},
  volume={201},
  number={1065},
  pages={192--196},
  year={1950},
  publisher={The Royal Society}
}

@article{zhou2017,
  title={Rayleigh--Taylor and Richtmyer--Meshkov instability induced flow, turbulence, and mixing. I},
  author={Zhou, Ye},
  journal={Physics Reports},
  volume={720},
  pages={1--136},
  year={2017},
  publisher={Elsevier}
}

@article{cheng2002,
  title={Dynamical evolution of Rayleigh-Taylor and Richtmyer-Meshkov mixing fronts},
  author={Cheng, Baolian and Glimm, James and Sharp, David H},
  journal={Physical Review E},
  volume={66},
  number={3},
  pages={036312},
  year={2002},
  publisher={American Physical Society}
}

@book{chandrasekhar1961,
  title={Hydrodynamic and Hydromagnetic Stability},
  author={Chandrasekhar, Subrahmanyan},
  year={1961},
  publisher={Oxford University Press},
  address={Oxford}
}

@article{boffetta2017,
  title={Incompressible Rayleigh--Taylor turbulence},
  author={Boffetta, Guido and Mazzino, Andrea},
  journal={Annual Review of Fluid Mechanics},
  volume={49},
  pages={119--143},
  year={2017},
  publisher={Annual Reviews}
}
