% references.bib - Bibliography for Sliding Window Fractal Dimension Validation Paper
% Cleaned to include only references cited in the validation-focused manuscript

% ===== FOUNDATIONAL HISTORICAL REFERENCES =====
% Core papers establishing the theoretical and computational foundations

@article{richardson1961,
  title={The problem of contiguity: an appendix of statistics of deadly quarrels},
  author={Richardson, Lewis Fry},
  journal={General Systems Yearbook},
  volume={6},
  pages={139--187},
  year={1961}
}

@article{mandelbrot1967,
  title={How long is the coast of {B}ritain? {S}tatistical self-similarity and fractional dimension},
  author={Mandelbrot, Benoit B},
  journal={Science},
  volume={156},
  number={3775},
  pages={636--638},
  year={1967},
  publisher={American Association for the Advancement of Science},
  doi={10.1126/science.156.3775.636}
}

% ===== COMPUTATIONAL ALGORITHM DEVELOPMENT =====
% Papers establishing the algorithmic foundations and optimization approaches

@article{liebovitch1989,
  title={A fast algorithm to determine fractal dimensions by box counting},
  author={Liebovitch, Larry S and T{\'o}th, Tibor},
  journal={Physics Letters A},
  volume={141},
  number={8-9},
  pages={386--390},
  year={1989},
  publisher={Elsevier}
}

@article{theiler1990,
  title={Estimating fractal dimension},
  author={Theiler, James},
  journal={Journal of the Optical Society of America A},
  volume={7},
  number={6},
  pages={1055--1073},
  year={1990},
  publisher={Optical Society of America}
}

@article{sarkar1994,
  title={An efficient differential box-counting approach to compute fractal dimension of image},
  author={Sarkar, Nirupam and Chaudhuri, B. B.},
  journal={IEEE Transactions on Systems, Man, and Cybernetics},
  volume={24},
  number={1},
  pages={115--120},
  year={1994},
  publisher={IEEE},
  doi={10.1109/21.259692}
}

% ===== PARAMETER OPTIMIZATION AND ERROR ANALYSIS =====
% Critical papers addressing boundary effects, parameter selection, and error characterization

@article{buczkowski1998,
  title={The modified box-counting method: analysis of some characteristic parameters},
  author={Buczkowski, St{\'e}phane and Kyriacos, Soula and Nekka, Fahima and Cartilier, Louis},
  journal={Pattern Recognition},
  volume={31},
  number={4},
  pages={411--418},
  year={1998},
  publisher={Elsevier},
  doi={10.1016/S0031-3203(97)00054-X}
}

@article{gonzato1998,
  title={A practical implementation of the box counting algorithm},
  author={Gonzato, G and Mulargia, F and Tosatti, E},
  journal={Computers \& Geosciences},
  volume={24},
  number={1},
  pages={95--100},
  year={1998},
  publisher={Elsevier}
}

@article{foroutan1999,
  title={Advances in the implementation of the box-counting method of fractal dimension estimation},
  author={Foroutan-pour, Kamran and Dutilleul, Pierre and Smith, Dale L},
  journal={Applied Mathematics and Computation},
  volume={105},
  number={2-3},
  pages={195--210},
  year={1999},
  publisher={Elsevier}
}

@article{roy2007,
  title={Fractal characterization of fracture networks: An improved box-counting technique},
  author={Roy, Ankur and Perfect, Edmund and Dunne, William M and McKay, Larry D},
  journal={Journal of Geophysical Research: Solid Earth},
  volume={112},
  number={B12},
  year={2007},
  publisher={Wiley Online Library}
}

% ===== RECENT PRECISION ADVANCES =====
% Modern approaches to error reduction and mathematical precision

@article{bouda2016,
  title={Box-counting dimension revisited: presenting an efficient method of minimizing quantization error and an assessment of the self-similarity of structural root systems},
  author={Bouda, Martin and Caplan, Joshua S and Saiers, James E},
  journal={Frontiers in Plant Science},
  volume={7},
  pages={149},
  year={2016},
  publisher={Frontiers Media SA},
  doi={10.3389/fpls.2016.00149}
}

@article{wu2020,
  title={An effective method to compute the box-counting dimension based on the mathematical definition and intervals},
  author={Wu, Jiaxin and Jin, Xin and Mi, Shuo and Tang, Jinbo},
  journal={Results in Engineering},
  volume={6},
  pages={100106},
  year={2020},
  publisher={Elsevier},
  doi={10.1016/j.rineng.2020.100106}
}

% ===== COMPUTATIONAL GEOMETRY =====
% Essential algorithms for efficient geometric computation

@article{liang1984,
  title={Barsky line clipping},
  author={Liang, You-Dong and Barsky, Brian A},
  journal={Communications of the ACM},
  volume={27},
  number={9},
  pages={868--877},
  year={1984},
  publisher={ACM},
  doi={10.1145/358234.358238}
}
